%%%%%%%%%%%
%%%% Roland's

@article{DBLP:journals/corr/ArmstrongL17,
  author    = {Stuart Armstrong and
               Benjamin Levinstein},
  title     = {Low Impact Artificial Intelligences},
  journal   = {CoRR},
  volume    = {abs/1705.10720},
  year      = {2017},
  url       = {http://arxiv.org/abs/1705.10720},
  archivePrefix = {arXiv},
  eprint    = {1705.10720},
  timestamp = {Mon, 13 Aug 2018 16:47:40 +0200},
  biburl    = {https://dblp.org/rec/journals/corr/ArmstrongL17.bib},
  bibsource = {dblp computer science bibliography, https://dblp.org}
}

@article{DBLP:journals/corr/abs-1712-05812,
  author    = {Stuart Armstrong and
               S{\"{o}}ren Mindermann},
  title     = {Impossibility of deducing preferences and rationality from human policy},
  journal   = {CoRR},
  volume    = {abs/1712.05812},
  year      = {2017},
  url       = {http://arxiv.org/abs/1712.05812},
  archivePrefix = {arXiv},
  eprint    = {1712.05812},
  timestamp = {Mon, 13 Aug 2018 16:48:35 +0200},
  biburl    = {https://dblp.org/rec/journals/corr/abs-1712-05812.bib},
  bibsource = {dblp computer science bibliography, https://dblp.org}
}

%%%%%%%%%%%%
%%%Ben's


@Book{Bostrom2014,
  author =       "Nick Bostrom",
  title =        "Superintelligence",
  publisher =    "Oxford University Press",
  year =         "2014"
}

%%%%%%%%%%%%%%
%%%%% ben
@article{haidt2001emotional,
  title={The emotional dog and its rational tail: a social intuitionist approach to moral judgment.},
  author={Haidt, Jonathan},
  journal={Psychological review},
  volume={108},
  number={4},
  pages={814},
  year={2001},
  publisher={American Psychological Association}
}

@inproceedings{sotala2016defining,
  title={Defining Human Values for Value Learners.},
  author={Sotala, Kaj},
  booktitle={AAAI Workshop: AI, Ethics, and Society},
  year={2016}
}

@book{rawls2001justice,
  title={Justice as fairness: A restatement},
  author={Rawls, John},
  year={2001},
  publisher={Harvard University Press}
}

@inproceedings{stray2020you,
  title={What are you optimizing for? aligning recommender systems with human values},
  author={Stray, Jonathan and Adler, Steven and Hadfield-Menell, Dylan},
  booktitle={Participatory Approaches to Machine Learning Workshop, ICML 2020},
  year={2020}
}



@misc{byrnes_steve_conservatism_2020,
	title = {Conservatism in neocortex-like {AGIs}},
	url = {https://www.alignmentforum.org/posts/c92YC89tznC7579Ej/conservatism-in-neocortex-like-agis},
	urldate = {2021-06-03},
	journal = {AI Alignment Forum},
	author = {{Byrnes, Steve}},
	month = dec,
	year = {2020}
}

@InProceedings{pmlr-v125-cohen20a, title = {Pessimism About Unknown Unknowns Inspires Conservatism}, author = {Cohen, Michael K. and Hutter, Marcus}, booktitle = {Proceedings of Thirty Third Conference on Learning Theory}, pages = {1344--1373}, year = {2020}, editor = {Jacob Abernethy and Shivani Agarwal}, volume = {125}, series = {Proceedings of Machine Learning Research}, address = {}, month = {09--12 Jul}, publisher = {PMLR}, pdf = {http://proceedings.mlr.press/v125/cohen20a/cohen20a.pdf}, url = {http://proceedings.mlr.press/v125/cohen20a.html}, abstract = {} }


@article{parisi2016multi,
  title={Multi-objective reinforcement learning through continuous pareto manifold approximation},
  author={Parisi, Simone and Pirotta, Matteo and Restelli, Marcello},
  journal={Journal of Artificial Intelligence Research},
  volume={57},
  pages={187--227},
  year={2016}
}

@article{van2014multi,
  title={Multi-objective reinforcement learning using sets of pareto dominating policies},
  author={Van Moffaert, Kristof and Now{\'e}, Ann},
  journal={The Journal of Machine Learning Research},
  volume={15},
  number={1},
  pages={3483--3512},
  year={2014},
  publisher={JMLR. org}
}

@inproceedings{barrett2008learning,
  title={Learning all optimal policies with multiple criteria},
  author={Barrett, Leon and Narayanan, Srini},
  booktitle={Proceedings of the 25th international conference on Machine learning},
  pages={41--47},
  year={2008}
}